<?xml version="1.0" encoding="UTF-8"?><collection xmlns="http://www.loc.gov/MARC21/slim"><record><leader>00546nam--2200181-i-4500</leader><controlfield tag="001">000025816</controlfield><controlfield tag="002">20161230</controlfield><controlfield tag="005">20161230201036</controlfield><controlfield tag="008">060222s1000------------r-----000-0-eng-d</controlfield><datafield ind1=" " ind2=" " tag="040"><subfield code="a">IFIN-HH</subfield></datafield><datafield ind1=" " ind2=" " tag="080"><subfield code="a">541.12.03:535.34-1:546</subfield></datafield><datafield ind1="1" ind2=" " tag="100"><subfield code="a">Kagel, Renald O.And Nyquist, Richard A</subfield></datafield><datafield ind1="1" ind2="0" tag="245"><subfield code="a">Infrared spectra of inorganic compounds. (3800-45 cm-1)</subfield><subfield code="c">Richard a. nyquist, renald o. kagel</subfield></datafield><datafield ind1=" " ind2=" " tag="260"><subfield code="a">New York</subfield><subfield code="b">Academic Press</subfield><subfield code="c">1971</subfield></datafield><datafield ind1=" " ind2=" " tag="300"><subfield code="a">IX + 495P</subfield></datafield><datafield ind1="1" ind2=" " tag="700"><subfield code="a">Kagel, Renald O</subfield></datafield><datafield ind1=" " ind2=" " tag="852"><subfield code="a">37554</subfield><subfield code="c">546</subfield></datafield><datafield ind1=" " ind2=" " tag="CAT"><subfield code="a">Sys</subfield><subfield code="c">20130603</subfield><subfield code="h">173608</subfield></datafield></record></collection>